@book{escobar:15a,
	Author = {Aaron},
	Date-Added = {2017-10-09 23:43:05 +0000},
	Date-Modified = {2017-10-09 23:44:40 +0000},
	Publisher = {UNAM},
	Title = {La Super Oreja},
	Year = {2015}}